@inproceedings{rublee2011orb,
  title={ORB: An efficient alternative to SIFT or SURF},
  author={Rublee, Ethan and Rabaud, Vincent and Konolige, Kurt and Bradski, Gary},
  booktitle={Computer Vision (ICCV), 2011 IEEE international conference on},
  pages={2564--2571},
  year={2011},
  organization={IEEE}
}
@article{immerkaer1996fast,
  title={Fast noise variance estimation},
  author={Immerkaer, John},
  journal={Computer vision and image understanding},
  volume={64},
  number={2},
  pages={300--302},
  year={1996},
  publisher={Elsevier}
}
@inproceedings{hasler2003measuring,
  title={Measuring colorfulness in natural images},
  author={Hasler, David and Suesstrunk, Sabine E},
  booktitle={Human vision and electronic imaging VIII},
  volume={5007},
  pages={87--96},
  year={2003},
  organization={International Society for Optics and Photonics}
}

@article{Zhou2017EASTAE,
  title={EAST: An Efficient and Accurate Scene Text Detector},
  author={Xinyu Zhou and Cong Yao and He Wen and Yuzhi Wang and Shuchang Zhou and Weiran He and Jiajun Liang},
  journal={2017 IEEE Conference on Computer Vision and Pattern Recognition (CVPR)},
  year={2017},
  pages={2642-2651}
}


@misc{PkmDownloads,
  author = {Eddie Makuch},
  title = {Pokemon Go Reaches Incredible New Download Milestone},
  year = 2018,
  howpublished = {\url{https://www.gamespot.com/articles/pokemon-go-reaches-incredible-new-download-milesto/1100-6459287/}},
  note = {Accessed: 2018-09-30}
}

@misc{PkmBattery,
  author = {Brian Solomon},
  title = {'Pokémon GO' Is Blowing Up The Market For External Batteries},
  year = 2016,
  howpublished = {\url{https://www.forbes.com/sites/briansolomon/2016/07/20/pokemon-go-is-blowing-up-the-market-for-external-batteries/}},
  note = {Accessed: 2018-09-30}
}

@misc{ArsARCore,
  author = {Ron Amadeo},
  title = {Google’s ARCore brings augmented reality to millions of Android devices},
  year = 2017,
  howpublished = {\url{https://arstechnica.com/gadgets/2017/08/googles-arcore-brings-augmented-reality-to-millions-of-android-devices/}},
  note = {Accessed: 2018-09-30}
}

@misc{ARCore,
  author = {Google},
  title = {ARCore Overview},
  year = 2018,
  howpublished = {\url{https://developers.google.com/ar/discover/}},
  note = {Accessed: 2018-09-30}
}

@misc{ARCoreConcepts,
  author = {Google},
  title = {ARCore - Fundamental Concepts},
  year = 2018,
  howpublished = {\url{https://developers.google.com/ar/discover/concepts}},
  note = {Accessed: 2018-09-30}
}

@article{HCI-049,
    url = {http://dx.doi.org/10.1561/1100000049},
    year = {2015},
    volume = {8},
    journal = {Foundations and Trends® in Human–Computer Interaction},
    title = {A Survey of Augmented Reality},
    doi = {10.1561/1100000049},
    issn = {1551-3955},
    number = {2-3},
    pages = {73-272},
    author = {Mark Billinghurst and Adrian Clark and Gun Lee}
}

@misc{sqlite,
  title        = {{SQLite}},
  author       = {{SQLite Consortium}},
  year         = 2000,
  howpublished = {\url{https://www.sqlite.org/index.html}},
  note = {Accessed: 2018-09-30}
}

@misc{flask,
  title        = {{Flask}},
  author       = {Armin Ronacher},
  year         = 2015,
  howpublished = {\url{https://palletsprojects.com/p/flask/}},
  note = {Accessed: 2018-09-30}
}

@misc{pytesseract,
  title        = {{Python Tesseract}},
  author       = {Samuel Hoffstaetter},
  year         = 2014,
  howpublished = {\url{https://github.com/tesseract-ocr/tesseract}},
  note = {Accessed: 2018-09-30}
}

@misc{tesseract,
  title        = {{Tesseract Open Source OCR Engine}},
  author       = {Google},
  year         = 2006,
  howpublished = {\url{https://github.com/tesseract-ocr/tesseract}},
  note = {Accessed: 2018-09-30}
}

@misc{volley,
  title        = {{Volley Networking Framework}},
  author       = {Google},
  year         = 2013,
  howpublished = {\url{https://github.com/google/volley}},
  note = {Accessed: 2018-09-30}
}

@book{stroud2004bartimaeus,
  title={Bartimaeus: Amulet of Samarkand, The (Book One)},
  author={Stroud, J.},
  isbn={9780786818594},
  lccn={2003049904},
  series={Bartimaeus trilogy},
  url={https://books.google.de/books?id=Lk2SbKlXC7oC},
  year={2004},
  publisher={Hyperion Book CH}
}

@misc{pkmgo,
  title        = {{Pokémon Go}},
  author       = {Niantic, Inc.},
  year         = 2016,
  howpublished = {\url{https://play.google.com/store/apps/details?id=com.nianticlabs.pokemongo&hl=en}},
  note = {Accessed: 2018-09-30}
}

@misc{Mapbox,
  author = {Mapbox},
  title = {Mapbox Live Location Platform},
  year = 2010,
  howpublished = {\url{https://www.mapbox.com/}},
  note = {Accessed: 2018-09-30}
}

@misc{VisionAPI,
  author = {Google},
  title = {Vision API - Image Content Analysis},
  year = 2018,
  howpublished = {\url{https://cloud.google.com/vision/}},
  note = {Accessed: 2018-09-30}
}